%YAML 1.1
%TAG !u! tag:unity3d.com,2011:
--- !u!244 &-8136809775928856433
AudioMixerEffectController:
  m_ObjectHideFlags: 3
  m_CorrespondingSourceObject: {fileID: 0}
  m_PrefabInstance: {fileID: 0}
  m_PrefabAsset: {fileID: 0}
  m_Name: 
  m_EffectID: ca274f24c049c794b905104c2f178ee7
  m_EffectName: Attenuation
  m_MixLevel: 54e485dab2551d44689b4dd3f46c1973
  m_Parameters: []
  m_SendTarget: {fileID: 0}
  m_EnableWetMix: 0
  m_Bypass: 0
--- !u!243 &-3627793286843944802
AudioMixerGroupController:
  m_ObjectHideFlags: 0
  m_CorrespondingSourceObject: {fileID: 0}
  m_PrefabInstance: {fileID: 0}
  m_PrefabAsset: {fileID: 0}
  m_Name: Effects
  m_AudioMixer: {fileID: 24100000}
  m_GroupID: e626df39cde21a54e8e27d10f0ccc7bb
  m_Children: []
  m_Volume: 0d84c50a126f3d74990cb8b5b3dc601b
  m_Pitch: a0ac68583ef1e024f800781231656fff
  m_Send: 00000000000000000000000000000000
  m_Effects:
  - {fileID: -8136809775928856433}
  m_UserColorIndex: 0
  m_Mute: 0
  m_Solo: 0
  m_BypassEffects: 0
--- !u!244 &-129468532965609901
AudioMixerEffectController:
  m_ObjectHideFlags: 3
  m_CorrespondingSourceObject: {fileID: 0}
  m_PrefabInstance: {fileID: 0}
  m_PrefabAsset: {fileID: 0}
  m_Name: 
  m_EffectID: e8fe1b7c3bcc7c84388ba919633db567
  m_EffectName: Attenuation
  m_MixLevel: 81436d67c7f0bba45b447456433bd652
  m_Parameters: []
  m_SendTarget: {fileID: 0}
  m_EnableWetMix: 0
  m_Bypass: 0
--- !u!241 &24100000
AudioMixerController:
  m_ObjectHideFlags: 0
  m_CorrespondingSourceObject: {fileID: 0}
  m_PrefabInstance: {fileID: 0}
  m_PrefabAsset: {fileID: 0}
  m_Name: BaseAudioMixer
  m_OutputGroup: {fileID: 0}
  m_MasterGroup: {fileID: 24300002}
  m_Snapshots:
  - {fileID: 24500006}
  m_StartSnapshot: {fileID: 24500006}
  m_SuspendThreshold: -80
  m_EnableSuspend: 1
  m_UpdateMode: 0
  m_ExposedParameters: []
  m_AudioMixerGroupViews:
  - guids:
    - 653178721f193b849b9ed868ef8e7e5a
    - 384decc04eb51524b8374bc6e9ab31e4
    - e626df39cde21a54e8e27d10f0ccc7bb
    - 459763676f01787458eeb123aff32cb0
    name: View
  m_CurrentViewIndex: 0
  m_TargetSnapshot: {fileID: 24500006}
--- !u!243 &24300002
AudioMixerGroupController:
  m_ObjectHideFlags: 0
  m_CorrespondingSourceObject: {fileID: 0}
  m_PrefabInstance: {fileID: 0}
  m_PrefabAsset: {fileID: 0}
  m_Name: Master
  m_AudioMixer: {fileID: 24100000}
  m_GroupID: 653178721f193b849b9ed868ef8e7e5a
  m_Children:
  - {fileID: 7990593652422852080}
  - {fileID: -3627793286843944802}
  - {fileID: 5357769072816625159}
  m_Volume: cdda732b78de24043b420052da271f47
  m_Pitch: 95b1a8c1150553a4dbb9b255f96abd07
  m_Send: 00000000000000000000000000000000
  m_Effects:
  - {fileID: 24400004}
  m_UserColorIndex: 0
  m_Mute: 0
  m_Solo: 0
  m_BypassEffects: 0
--- !u!244 &24400004
AudioMixerEffectController:
  m_ObjectHideFlags: 3
  m_CorrespondingSourceObject: {fileID: 0}
  m_PrefabInstance: {fileID: 0}
  m_PrefabAsset: {fileID: 0}
  m_Name: 
  m_EffectID: 213a42e413b4577478f138fea65422a3
  m_EffectName: Attenuation
  m_MixLevel: 6d5f14c28c45c5a4dab84cb302bb1c04
  m_Parameters: []
  m_SendTarget: {fileID: 0}
  m_EnableWetMix: 0
  m_Bypass: 0
--- !u!245 &24500006
AudioMixerSnapshotController:
  m_ObjectHideFlags: 0
  m_CorrespondingSourceObject: {fileID: 0}
  m_PrefabInstance: {fileID: 0}
  m_PrefabAsset: {fileID: 0}
  m_Name: Snapshot
  m_AudioMixer: {fileID: 24100000}
  m_SnapshotID: c676a285fe4be35448dd61671b2456f3
  m_FloatValues:
    cdda732b78de24043b420052da271f47: -19.928473
  m_TransitionOverrides: {}
--- !u!243 &5357769072816625159
AudioMixerGroupController:
  m_ObjectHideFlags: 0
  m_CorrespondingSourceObject: {fileID: 0}
  m_PrefabInstance: {fileID: 0}
  m_PrefabAsset: {fileID: 0}
  m_Name: Music
  m_AudioMixer: {fileID: 24100000}
  m_GroupID: 384decc04eb51524b8374bc6e9ab31e4
  m_Children: []
  m_Volume: c6f113fc18e34be45b8386fcf106bb69
  m_Pitch: 47618414bbcdf074b9550ddfc104ff0c
  m_Send: 00000000000000000000000000000000
  m_Effects:
  - {fileID: 6877057463287536266}
  m_UserColorIndex: 0
  m_Mute: 0
  m_Solo: 0
  m_BypassEffects: 0
--- !u!244 &6877057463287536266
AudioMixerEffectController:
  m_ObjectHideFlags: 3
  m_CorrespondingSourceObject: {fileID: 0}
  m_PrefabInstance: {fileID: 0}
  m_PrefabAsset: {fileID: 0}
  m_Name: 
  m_EffectID: 9cf7b658d83ea4741901d6a4a4cad1cb
  m_EffectName: Attenuation
  m_MixLevel: bc548d0b8c56a5245aa123927b38f1da
  m_Parameters: []
  m_SendTarget: {fileID: 0}
  m_EnableWetMix: 0
  m_Bypass: 0
--- !u!243 &7990593652422852080
AudioMixerGroupController:
  m_ObjectHideFlags: 0
  m_CorrespondingSourceObject: {fileID: 0}
  m_PrefabInstance: {fileID: 0}
  m_PrefabAsset: {fileID: 0}
  m_Name: UI
  m_AudioMixer: {fileID: 24100000}
  m_GroupID: 459763676f01787458eeb123aff32cb0
  m_Children: []
  m_Volume: 85e0303b0a7bdaa42b0e0eb3e151a9ad
  m_Pitch: 983ad909fbdc600439d80a394612c99e
  m_Send: 00000000000000000000000000000000
  m_Effects:
  - {fileID: -129468532965609901}
  m_UserColorIndex: 0
  m_Mute: 0
  m_Solo: 0
  m_BypassEffects: 0
